%% This BibTeX bibliography file was created using BibDesk.
%% http://bibdesk.sourceforge.net/


%% Created for Antonio Copete at 2018-04-06 21:15:41 -0400 


%% Saved with string encoding Unicode (UTF-8) 



@webpage{saeed,
	Author = {Aaquib Saeed},
	Cited = {1},
	Date-Added = {2018-04-07 01:12:21 +0000},
	Date-Modified = {2018-04-07 01:14:34 +0000},
	Month = {sep},
	Read = {-},
	Title = {Urban Sound Classification, Part 1},
	Url = {http://aqibsaeed.github.io/2016-09-03-urban-sound-classification-part-1/},
	Year = {2016}}

@article{chachanda,
	Author = {Chachada, Sachin and Kuo, C-C Jay},
	Cited = {1},
	Date-Added = {2018-04-07 01:09:18 +0000},
	Date-Modified = {2018-04-07 01:14:34 +0000},
	Journal = {APSIPA Transactions on Signal and Information Processing},
	Publisher = {Cambridge University Press},
	Read = {-},
	Title = {Environmental sound recognition: A survey},
	Volume = {3},
	Year = {2014},
	Bdsk-File-1 = {YnBsaXN0MDDUAQIDBAUGJCVYJHZlcnNpb25YJG9iamVjdHNZJGFyY2hpdmVyVCR0b3ASAAGGoKgHCBMUFRYaIVUkbnVsbNMJCgsMDxJXTlMua2V5c1pOUy5vYmplY3RzViRjbGFzc6INDoACgAOiEBGABIAFgAdccmVsYXRpdmVQYXRoWWFsaWFzRGF0YV8QKkFudG9uaW8vcGFwZXIgLSBDaGFjaGFuZGEgLSBFU1Igc3VydmV5LnBkZtIXCxgZV05TLmRhdGFPEQIYAAAAAAIYAAIAAAxNYWNpbnRvc2ggSEQAAAAAAAAAAAAAAAAAAAAAAAAAQkQAAf////8fcGFwZXIgLSBDaGFjaGFuZGEgI0ZGRkZGRkZGLnBkZgAAAAAAAAAAAAAAAAAAAAAAAAAAAAAAAAAAAAAAAAAA/////wAAAAAAAAAAAAAAAAABAAMAAAogY3UAAAAAAAAAAAAAAAAAB0FudG9uaW8AAAIAey86VXNlcnM6Y29wZXRlOkRvY3VtZW50czpDbGFzc2VzOjE4U1AgQ1MgMTgxIE1hY2hpbmUgTGVhcm5pbmc6Q1MxODFfUDNfZHVhbHNwYWNlOkFudG9uaW86cGFwZXIgLSBDaGFjaGFuZGEgLSBFU1Igc3VydmV5LnBkZgAADgBGACIAcABhAHAAZQByACAALQAgAEMAaABhAGMAaABhAG4AZABhACAALQAgAEUAUwBSACAAcwB1AHIAdgBlAHkALgBwAGQAZgAPABoADABNAGEAYwBpAG4AdABvAHMAaAAgAEgARAASAHlVc2Vycy9jb3BldGUvRG9jdW1lbnRzL0NsYXNzZXMvMThTUCBDUyAxODEgTWFjaGluZSBMZWFybmluZy9DUzE4MV9QM19kdWFsc3BhY2UvQW50b25pby9wYXBlciAtIENoYWNoYW5kYSAtIEVTUiBzdXJ2ZXkucGRmAAATAAEvAAAVAAIADf//AACABtIbHB0eWiRjbGFzc25hbWVYJGNsYXNzZXNdTlNNdXRhYmxlRGF0YaMdHyBWTlNEYXRhWE5TT2JqZWN00hscIiNcTlNEaWN0aW9uYXJ5oiIgXxAPTlNLZXllZEFyY2hpdmVy0SYnVHJvb3SAAQAIABEAGgAjAC0AMgA3AEAARgBNAFUAYABnAGoAbABuAHEAcwB1AHcAhACOALsAwADIAuQC5gLrAvYC/wMNAxEDGAMhAyYDMwM2A0gDSwNQAAAAAAAAAgEAAAAAAAAAKAAAAAAAAAAAAAAAAAAAA1I=}}
